@book{vologda,
author = "A.L. Kryukova",
title = "On Idempotent Elements of Semigroup of Increasing Monotonous Mappings",
address = "",
editor = "",
publisher = "ДК 519.65, 517.17, 512.56 Известия Саратовского университета. Новая серия. Серия Математика. Механика. Информатика",
year = 2011,
language = "russian"
}
@book{dis_kyzn,
author = "Кузнецов Н.В.",
title = "Аналитико-численные методы исследования скрытых колебаний",
address = "Санкт-Петербург",
editor = "Леонов Г.А.",
publisher = "",
year = 2016,
language = "russian"
}
@book{chistiak,
author = "Чистяков С.В.",
title = "Элементы динамической теории классических кооперативных игр",
address = "Санкт-Петербург",
editor = "Петросян Л.А.",
publisher = "",
year = 2001,
language = "russian"
}
@book{bezikovich,
author = "Besicovitch A.S.",
title = "A problem on topological transformation of the plan",
address = "Cambridge",
editor = "",
publisher = "",
year = ,
language = "russian"
}
@book{one_dem_din,
author = "Melo Welington and Strien Sebastian",
title = "One-Dimensional Dynamics",
address = "Amsterdam, Rio de Janeiro",
editor = "",
publisher = "",
year = 1992,
language = "english"
}
@book{falkone,
author = "K. Faalconer",
title = "Techniques in fractal geometry",
address = "Wiley",
editor = "",
publisher = "",
year = 1997,
language = "english"
}
@book{total_exp,
author = "Brygin S.A. and Florinskii A.A.",
title = "On the dynamics of total expansions of the real line",
address = "St. Petersburg",
editor = "",
publisher = "ISSN 0012-2661, Differential Equations, Vol. 50, No. 13, pp. 1691–1694 Pleiades Publishing",
year = 2014,
language = "english"
}